<?xml version="1.0" encoding="UTF-8"?><record xmlns="http://www.loc.gov/MARC21/slim" xmlns:cinclude="http://apache.org/cocoon/include/1.0" xmlns:zs="http://www.loc.gov/zing/srw/">
  <leader>00526nz  a2200169n  4500</leader>
  <controlfield tag="001">no2010170976</controlfield>
  <controlfield tag="003">DLC</controlfield>
  <controlfield tag="005">20101022075319.0</controlfield>
  <controlfield tag="008">101020n| acannaabn          |a aaa     c</controlfield>
  <datafield tag="010" ind1=" " ind2=" ">
    <subfield code="a">no2010170976</subfield>
  </datafield>
  <datafield tag="035" ind1=" " ind2=" ">
    <subfield code="a">(OCoLC)oca08662679</subfield>
  </datafield>
  <datafield tag="040" ind1=" " ind2=" ">
    <subfield code="a">MX-SnUAN</subfield>
    <subfield code="b">eng</subfield>
    <subfield code="c">MX-SnUAN</subfield>
  </datafield>
  <datafield tag="100" ind1="1" ind2=" ">
    <subfield code="a">Gámez de la Garza, Rosa Alicia</subfield>
  </datafield>
  <datafield tag="400" ind1="1" ind2=" ">
    <subfield code="a">De la Garza, Rosa Alicia Gámez</subfield>
  </datafield>
  <datafield tag="400" ind1="1" ind2=" ">
    <subfield code="a">Garza, Rosa Alicia Gámez de la</subfield>
  </datafield>
  <datafield tag="400" ind1="1" ind2=" ">
    <subfield code="a">La Garza, Rosa Alicia Gámez de</subfield>
  </datafield>
  <datafield tag="670" ind1=" " ind2=" ">
    <subfield code="a">Matemáticas, 2006:</subfield>
    <subfield code="b">t.p. (Rosa Alicia Gámez de la Garza)</subfield>
  </datafield>
</record>